@inproceedings{libdft:2012vee,
	author = {Kemerlis, Vasileios P and Portokalidis, Georgios and Jee, Kangkook and Keromytis, Angelos D},
	title = {{libdft: practical dynamic data flow tracking for commodity systems}},
	booktitle = {Proc. of VEE},
	year = {2012},
}

@inproceedings{tfa:2012ndss,
	author		= {Jee, Kangkook and Portokalidis, Georgios and
			Kemerlis, Vasileios P and Ghosh, Soumyadeep and August, 
			David I and Keromytis, Angelos D},
	title		= {A General Approach for Efficiently Accelerating
			Software-based Dynamic Data Flow Tracking on Commodity
			Hardware},
	booktitle	= {Proc. of NDSS},
	year		= {2012}
}

@inproceedings{sreplica:2013ccs,
  author    = {Kangkook Jee and
               Vasileios P. Kemerlis and
               Angelos D. Keromytis and
               Georgios Portokalidis},
  title     = {the ACM Conference on Computer and Communications Security,
               CCS'13, Berlin, Germany, November 4 - 6, 2013},
  booktitle = {ACM Conference on Computer and Communications Security},
  publisher = {ACM},
  year      = {2013},
  isbn      = {978-1-4503-1651-4}
}

@inproceedings{pin,
author = {Luk, CK and Cohn, R and Muth, R and Patil, H and Klauser, A and Lowney, G and Wallace, S and Reddi, VJ and Hazelwood, K},
title = {{Pin: building customized program analysis tools with dynamic instrumentation}},
booktitle = {Proc. of PLDI},
year = {2005},
}

@phdthesis{dynamorio,
 author = {Bruening, Derek L.},
 title = {Efficient, Transparent, and Comprehensive Runtime Code Manipulation},
 year = {2004},
 note = {AAI0807735},
 publisher = {Massachusetts Institute of Technology},
 address = {Cambridge, MA, USA},
} 

@TechReport{valgrind,
  author =	 {Nethercote, Nicholas},
  title = 	 {{Dynamic binary analysis and instrumentation}},
  year = 	 2004,
  month = 	 nov,
  url = 	 {http://www.cl.cam.ac.uk/techreports/UCAM-CL-TR-606.pdf},
  institution =  {University of Cambridge, Computer Laboratory},
  number = 	 {UCAM-CL-TR-606}
}

@inproceedings{memcheck,
 author = {Nethercote, Nicholas and Seward, Julian},
 title = {Valgrind: A Framework for Heavyweight Dynamic Binary Instrumentation},
 booktitle = {Proceedings of the 2007 ACM SIGPLAN Conference on Programming Language Design and Implementation},
 series = {PLDI '07},
 year = {2007},
 isbn = {978-1-59593-633-2},
 location = {San Diego, California, USA},
 pages = {89--100},
 numpages = {12},
 url = {http://doi.acm.org/10.1145/1250734.1250746},
 doi = {10.1145/1250734.1250746},
 acmid = {1250746},
 publisher = {ACM},
 address = {New York, NY, USA},
 keywords = {Memcheck, Valgrind, dynamic binary analysis, dynamic binary instrumentation, shadow values},
} 

