%% This BibTeX bibliography file in UTF-8 format was created using Papers.
%% http://mekentosj.com/papers/
% !TEX root = dta.tex

@inproceedings{tomography:asplos08,
	 author = {Mysore, Shashidhar and Mazloom, Bita and Agrawal, Banit and 
	 	Sherwood, Timothy},
	 title = {{Understanding and Visualizing Full Systems with Data Flow 
	 	Tomography}},
	 booktitle = {Proc. of the $13^{th}$ ASPLOS},
	 year = {2008},
	 pages = {211--221}}

@inproceedings{hitune:usenix11,
  author = {J. Dai and J. Huang and S. Huang and B. Huang and Y. Liu},
  title = {{{HiTune}: Dataflow-Based Performance Analysis for Big Data
  Cloud}},
  booktitle = {Proc. of the 2011 USENIX ATC},
  pages = {87--100}
}

@inproceedings{saxena:cgo08,
	author = {Prateek Saxena and R Sekar and Varun Puranik}, 
	title = {{Efficient Fine-Grained Binary Instrumentation with 	
		Applications to Taint-Tracking}},
	year = {2008},
	booktitle = {Proc. of the $6^{th}$ CGO},
	pages = {74--83}
}

@inproceedings{minemu:raid11,
        author          = {Erik Bosman and Asia Slowinska and Herbert Bos},
        title           = {{{Minemu}: The World's Fastest Taint Tracker}},
        booktitle       = {Proc. of the 14$^{th}$ RAID},
        year            = {2011},
	pages		= {1--20}}

@inproceedings{smart:popl2007,
		author = {Patrice Godefroid}, 
		title = {{Compositional Dynamic Test Generation}},
		booktitle = {Proc. of 34$^{th}$ POPL},
        	year = {2007},
		pages = {47--54}}

@article{seec:2009,
author = {Hyung C. Kim and Angelos Keromytis}, 
journal = {IEICE Transactions on Information and Systems},
title = {{On the Deployment of Dynamic Taint Analysis for Application Communities}},
year = {2009},
volume = {E92-D},
number = {3},
pages = {548--551}
}

@inproceedings{Neon:2010,
author = {Q Zhang and J McCullough and J Ma and N Schear and M Vrable and A Vahdat and A. C. Snoeren and G. M. Voelker and S. Savage}, 
booktitle = {Proc. of the $6^{th}$ VEE},
title = {{{Neon}: System Support for Derived Data Management}},
year = {2010},
pages = {63--74}
}

@article{notpointless:2010,
author = {M Dalton and H Kannan and C Kozyrakis}, 
journal = {SIGOPS Oper. Syst. Rev.},
title = {Tainting is not pointless},
number = {2},
pages = {88--92},
volume = {44},
year = {2010},
date-added = {2010-08-02 17:56:13 -0400},
date-modified = {2011-03-09 01:15:24 -0500},
pmid = {2332067922714486457related:ueZ6fWsrXSAJ},
local-url = {file://localhost/Users/jikk/Dropbox/Papers/2010/Dalton/Tainting%20is%20not%20pointless_2010_Dalton.pdf},
uri = {papers://C941C5DC-31CE-40B9-AC80-922AD112F55B/Paper/p1014},
rating = {0}
}

@inproceedings{Chang:2008p1017,
author = {W Chang and B Streiff and C Lin}, 
booktitle = {Proc. of the $15^{th}$ CCS},
title = {{Efficient and Extensible Security Enforcement Using Dynamic Data Flow Analysis}},
pages = {39--50},
year = {2008}}

@inproceedings{blueprint:2009,
	author = {Mike Ter Louw and V. N. Venkatakrishnan}, 
	title = {{{Blueprint}: Robust Prevention of Cross-site Scripting Attacks for 
		Existing Browsers}},
	booktitle = {Proc. of the $30^{th}$ IEEE S\&P},
	pages = {331--346},
	year = {2009}}

@article{garm:hotsec09,
author = {B Demsky}, 
journal = {In Proc. of the $4^{th}$ HotSec},
title = {Garm: cross application data provenance and policy enforcement},
pages = {10},
year = {2009},
date-added = {2011-03-09 00:48:49 -0500},
date-modified = {2011-03-09 00:58:27 -0500},
pmid = {13110063537710715775related:f1MM1FNN8LUJ},
local-url = {file://localhost/Users/jikk/Dropbox/Papers/2009/Demsky/Garm%20cross%20application%20data%20provenance%20and%20policy%20enforcement_2009_Demsky.pdf},
uri = {papers://C941C5DC-31CE-40B9-AC80-922AD112F55B/Paper/p1074},
rating = {0}
}

@inproceedings{pin_luk:2005,
	author = {Chi-Keung Luk and Robert Cohn and Robert Muth and
		Harish Patil and Artur Klauser and Geoff Lowney and
		Steven Wallace and Vijay Janapa Reddi and Kim
		Hazelwood},
	title = {{Pin: Building Customized Program Analysis Tools with
		Dynamic Instrumentation}},
	booktitle = {Proc. of the 2005 PLDI},
	pages = {190--200}}

@inproceedings{valgrind_nethercote:2007,
	author = {Nicholas Nethercote and Julian Seward},
	title = {{Valgrind: A Framework for Heavyweight Dynamic Binary
		Instrumentation}},
	booktitle={Proc. of the 2007 PLDI},
	pages = {89--100}}
	
@inproceedings{drmemory:cgo2011,
	author = {D Bruening and Q Zhao}, 
	title = {{Practical Memory Checking with Dr. Memory}},
	booktitle = {Proc. of the $9^{th}$ CGO},
	year = {2011},
	pages = {213--223}}

@Book{dragonbook,
 title = {{Compilers: Principles, Techniques, \& Tools}},
 publisher = {Addison Wesley},
 year = {2006},
 author = {Alfred V. Aho and Monica S. Lam and Ravi Sethi and Jeffrey D. 
	Ullman},
}

@inproceedings{dynamorio_bruening:2003,
	author = {Derek Bruening and Timothy Garnett and Saman
		Amarasinghe},
	title = {An Infrastructure for Adaptive Dynamic Optimization},
	booktitle	= {Proc. of CGO},
	year = {2003},
	pages = {265--276}}


@inproceedings{atom_srivastava:1994,
	author = {Amitabh Srivastava and Alan Eustace},
	title = {{ATOM}: A System for Building Customized Program
		Analysis Tools},
	booktitle = {Proc. of PLDI},
	year = {1994},
	pages = {196--205}}

@inproceedings{CLAMP:2009,
  author =    {Bryan Parno and Jonathan M. McCune and Dan Wendlandt and David
    G. Andersen and Adrian Perrig},
  title =     {{CLAMP}: Practical Prevention of Large-Scale Data Leaks},
  booktitle = {Proc. of the IEEE Symposium on Security and
    Privacy},
  day =       {17--20},
  month =     {May},
  year =      {2009}
}

@techreport{Ermolinskiy:EECS-2010-92,
    Author = {Ermolinskiy, Andrey and Katti, Sachin and Shenker, Scott and 
        Fowler, Lisa L and McCauley, Murphy},
    Title = {Towards Practical Taint Tracking},
    Institution = {EECS Department, University of California, Berkeley},
    Year = {2010},
    Month = {Jun},
    URL = {http://www.eecs.berkeley.edu/Pubs/TechRpts/2010/EECS-2010-92.html},
    Number = {UCB/EECS-2010-92},
    Abstract = {This report proposes several technical measures that
        significantly improve performance and largely limit kernel taint explosion in a Xen- and QEMU-based taint tracking system.}
}

@inproceedings{taintbochs:usenixsec04,
        author = {Chow, Jim and Pfaff, Ben and Garfinkel, Tal and
                        Christopher, Kevin and Rosenblum, Mendel},
        title = {{Understanding Data Lifetime via Whole System
                        Simulation}},
        booktitle = {Proc. of the $13^{th}$ USENIX Security},
        year = {2004},
        pages = {321--336}}

@inproceedings{Cavallaro:2008p1051,
 author = {Cavallaro, Lorenzo and Saxena, Prateek and Sekar, R.},
 title = {On the Limits of Information Flow Techniques for Malware Analysis and Containment},
 booktitle = {Proc. of the $5^{th}$ DIMVA},
 year = {2008},
 pages = {143--163},
 numpages = {21}
}

@article{Uh:2006p1060,
author = {GR Uh and R Cohn and B Yadavalli and R Peri and R Ayyagari}, 
journal = {WBIA Workshop at ASPLOS},
title = {Analyzing dynamic binary instrumentation overhead},
year = {2006},
date-added = {2011-01-12 11:22:52 -0500},
date-modified = {2011-01-12 11:23:22 -0500},
pmid = {4643108482880408084related:FIqwn5Cib0AJ},
local-url = {file://localhost/Users/jikk/Dropbox/Papers/2006/Uh/Analyzing%20dynamic%20binary%20instrumentation%20overhead_2006_Uh.pdf},
uri = {papers://C941C5DC-31CE-40B9-AC80-922AD112F55B/Paper/p1060},
read = {Yes},
rating = {0}
}

@inproceedings{dift:asplos04,
        author = {Suh, G. Edward and Lee, Jae W. and Devadas,
                        Srinivas},
        title = {{Secure Program Execution via Dynamic Information Flow
                        Tracking}},
        booktitle = {Proc. of the $11^{th}$ ASPLOS},
        year = {2004},
        pages = {85--96}}

@article{tainting:acmcomm76,
        author          = {Denning, Dorothy E.},
        title           = {A lattice model of secure information flow},
        journal         = {Communications of the ACM},
        volume          = {19},
        number          = {5},
        year            = {1976},
        pages           = {236--243}}

@inproceedings{taintcheck:ndss05,
        author          = {James Newsome and Dawn Song},
        title           = {{Dynamic Taint Analysis for Automatic Detection,
                        Analysis, and Signature Generation of Exploits on
                        Commodity Software}},
        booktitle       = {Proc. of the $12^{th}$ NDSS},
        year            = {2005}}

@inproceedings{vigilante:sosp05,
        author          = {M. Costa and J. Crowcroft and M. Castro
                        and A. Rowstron and L. Zhou and L. Zhang and P. Barham},
        title           = {{{Vigilante}: End-to-End Containment of Internet
			Worms}},
        booktitle       = {Proc. of the $20^{th}$ SOSP},
        year            = {2005},
        pages           = {133--147}}

@inproceedings{xentaint:eurosys06,
        author          = {Alex Ho and Michael Fetterman and Christopher Clark
                        and Andrew Warfield and Steven Hand},
        title           = {{Practical Taint-based Protection using Demand
                        Emulation}},
        booktitle       = {Proc. of the 2006 EuroSys},
        pages           = {29--41}}

@inproceedings{argos:eurosys06,
        author          = {Georgios Portokalidis and Asia Slowinska and
                        Herbert Bos},
        title           = {{{Argos}: an Emulator for Fingerprinting Zero-Day
                        Attacks}},
        booktitle       = {Proc. of the 2006 EuroSys},
        pages           = {15--27}}

@inproceedings{histar:osdi06,
        author          = {Zeldovich, Nickolai and Boyd-Wickizer, Silas and
                        Kohler, Eddie and Mazi\`{e}res, David},
        title           = {{Making Information Flow Explicit in {HiStar}}},
        booktitle       = {Proc. of the $7^{th}$ OSDI},
        year            = {2006},
        pages           = {263--278}}

@inproceedings{asbestos:sosp05,
        author          = {Efstathopoulos, Petros and Krohn, Maxwell
                        and VanDeBogart, Steve and Frey, Cliff and
                        Ziegler, David and Kohler, Eddie
                        and Mazi\`{e}res, David and Kaashoek, Frans
                        and Morris, Robert},
        title           = {Labels and Event Processes in the Asbestos Operating
			System},
        booktitle       = {Proc. of the $20^{th}$ ACM Symposium on
			Operating Systems Principles (SOSP)},
        year            = {2005},
        pages           = {17--30}}

@article{trishul:notes08,
        author          = {Nair, Srijith K. and Simpson, Patrick N. D. and
                        Crispo, Bruno and Tanenbaum, Andrew S.},
        title           = {{A Virtual Machine Based Information Flow Control
                        System for Policy Enforcement}},
        journal         = {Electronic Notes in Theoretical Computer Science
                        (ENTCS)},
        volume          = {197},
        number          = {1},
        year            = {2008},
        pages           = {3--16}}


@inproceedings{minos:micro04,
        author = {Jedidiah R. Crandall and Frederic T. Chong},
        title = {{{Minos}: Control Data Attack Prevention Orthogonal to Memory
                Model}},
        booktitle = {Proc. of the $37^{th}$ MICRO},
        year = {2004},
        pages = {221--232}}

@inproceedings{jflow:popl99,
        author          = {Myers, Andrew C.},
        title           = {{{JFlow}: Practical Mostly-Static Information Flow
                        Control}},
        booktitle       = {Proc. of the $26^{th}$ POPL},
        year            = {1999},
        pages           = {228--241}}

@article{jif:tosem00,
        author          = {Myers, Andrew C. and Liskov, Barbara},
        title           = {{Protecting Privacy using the Decentralized Label
                        Model}},
        journal         = {ACM Transactions on Software Engineering and
                        Methodology (TOSEM)},
        volume          = {9},
        number          = {4},
        year            = {2000},
        pages           = {410--442}}

@inproceedings{eudaemon:eurosys08,
        author = {Portokalidis, Georgios and Bos, Herbert},
        title = {{{Eudaemon}: Involuntary and On-Demand Emulation Against Zero-
        		Day Exploits}},
        booktitle = {Proc. of the 2008 EuroSys},
	pages = {287--299}}

@inproceedings{lift:micro06,
        author = {Qin, Feng and Wang, Cheng and Li, Zhenmin and Kim, Ho-Seop
        and Zhou, Yuanyuan and Wu, Youfeng},
        title = {{{LIFT}: A Low-Overhead Practical Information Flow Tracking
        System for Detecting Security Attacks}},
        booktitle = {Proc. of the $39^{th}$ MICRO},
        year = {2006},
        pages = {135--148}}

@inproceedings{taintpolicy:usenixsec06,
        author = {Xu, Wei and Bhatkar, Sandeep and Sekar, R.},
        title = {{Taint-Enhanced Policy Enforcement: A Practical Approach to
                Defeat a Wide Range of Attacks}},
        booktitle = {Proc. of the $15^{th}$ USENIX Security},
	pages = {121--136},
        year = {2006}}

@article{tainteraser:osr11,
 author = {Zhu, David and Jung, Jaeyeon and Song, Dawn and Kohno, Tadayoshi and Wetherall, David},
 title = {{{TaintEraser}: Protecting Sensitive Data Leaks Using Application-Level Taint Tracking}},
 journal = {SIGOPS Oper. Syst. Rev.},
 volume = {45},
 number = {1},
 year = {2011},
 pages = {142--154},}


@inproceedings{dytan:issta07,
        author = {Clause, James and Li, Wanchun and Orso, Alessandro},
        title = {{{Dytan}: A Generic Dynamic Taint Analysis Framework}},
        booktitle = {Proc. of the 2007 ISSTA},
        pages = {196--206}}

@inproceedings{pointless:eurosys09,
        author =       {Asia Slowinska and Herbert Bos},
        title =        {{Pointless tainting? Evaluating the practicality of
	pointer tainting}},
        booktitle =    {Proc. of EuroSys 2009},
        year =         {2009},
        address =      {Nuremberg, Germany},
        month =        {March-April}}

@inproceedings{dift_raksha:usenixsec08,
        author = {Dalton, Michael and Kannan, Hari and Kozyrakis, Christos},
        title = {{Real-World Buffer Overflow Protection for Userspace \&
                Kernelspace}},
        booktitle = {Proc. of the $17^{th}$ USENIX Security},
        year = {2008},
        pages = {395--410}}

@inproceedings{stardbt:cgo06,
        author = {Borin, Edson and Wang, Cheng and Wu, Youfeng and Araujo,
                Guido},
        title = {Software-Based Transparent and Comprehensive Control-Flow 
			Error Detection},
        booktitle = {Proc. of CGO},
        year = {2006},
        pages = {333--345}}

@article{bufferoverflow2004,
	author = {J. Pincus and B. Baker},
	title = {Beyond Stack Smashing: Recent Advances in Exploiting
		Buffer Overflows},
	year = {2004},
	month = {July/August},
	volume = {2},
	number = {4},
	pages = {20--27},
	journal = {IEEE Security \& Privacy Magazine}}

@article{alephone1996smashing,
	author =      {{Aleph One}},
	title =  {Smashing the Stack for Fun and Profit},
	howpublished = {\url{http://www.phrack.com/issues.html?issue=49&id=14}},
	journal = {Phrack},
	year = {1996},
	volume = {7},
	number = {49}}

@misc{heapoverflow,
	author = {{M. Conover and w00w00 Security Team}},
	title = {{w00w00 on heap overflows}},
	howpublished = {\url{http://www.w00w00.org/files/articles/heaptut.txt}},
	year = {1999}}

@inproceedings{formatstring2001,
	author = {U. Shankar and K. Talwar and J. S. Foster and D. Wagner},
	title = {Detecting Format String Vulnerabilities with Type
		Qualifiers},
	booktitle = {Proc. of the $10^{th}$ USENIX Security Symposium},
	year = {2001},
	month = {August},
	pages = {201--216}}

@inproceedings{fleshonbone:ccs07,
	 author = {Shacham, Hovav},
	 title = {The geometry of innocent flesh on the bone: return-into-libc
	 	without function calls (on the x86)},
	 booktitle = {Proc. of the $14^{th}$ CCS},
	 year = {2007},
	 pages = {552--561}}

@inproceedings{noretrop:ccs10,
	 author = {Stephen Checkoway and  Hovav Shacham},
	 title = {Return-Oriented Programming without Returns},
	 booktitle = {Proc. of the $17^{th}$ CCS},
	 year = {2010}}

@misc{useafterfree:cwe10,
	author = {Common Weakness Enumeration},
	title = {{CWE-416:} Use After Free},
	howpublished = {\url{http://cwe.mitre.org/data/definitions/416.html}},
	year = {2010},
	month = {April}}

@misc{danglingdanger:pcworld10,
	author = {{PCWorld}},
	title = {Dangling Pointers Could Be Dangerous},
	year = {2007},
	month = {July},
	howpublished = {\url{http://www.pcworld.com/article/134982/
		dangling_pointers_could_be_dangerous.html}}}

@inproceedings{panorama:ccs07,
        author = {Yin, Heng and Song, Dawn and Egele, Manuel and Kruegel,
                Christopher and Kirda, Engin},
        title = {{Panorama: Capturing System-wide Information Flow for Malware
                Detection and Analysis}},
        booktitle = {Proc. of the $14^{th}$ CCS},
        year = {2007},
        pages = {116--127}}

@inproceedings{taintscope:snp10,
        author = {Wang, Tielei and Wei, Tao and Gu, Guofei and Zou, Wei},
        title = {{TaintScope}: A Checksum-Aware Directed Fuzzing Tool for
                Automatic Software Vulnerability Detection},
        booktitle = {Proc. of the IEEE Symposium on Security and Privacy},
        year = {2010},
        pages = {497--512}}

@inproceedings{laminar:pldi09,
        author = {Roy, Indrajit and Porter, Donald E. and Bond, Michael D. and
                McKinley, Kathryn S. and Witchel, Emmett},
        title = {{{Laminar}: Practical Fine-Grained Decentralized Information Flow Control}},
        booktitle = {Proc. of the 2009 PLDI},
        pages = {63--74}}

@misc{bochs,
	author = {{Bochs}},
	title = {The Cross Platform {IA-32} Emulator},
	howpublished = {\url{http://bochs.sourceforge.net}},
	year = {2001}}
	
@article{bochs,
 author = {Lawton, Kevin P.},
 title = {Bochs: A Portable PC Emulator for Unix/X},
 journal = {Linux J.},
 volume = {1996},
 issue = {29es},
 month = {September},
 year = {1996},
 articleno = {7}} 


@inproceedings{qemu:usenix05,
	author = {Fabrice Bellard},
	title = {{QEMU}, a Fast and Portable Dynamic Translator},
	booktitle = {Proc. of the USENIX ATC},
	pages = {41-46},
	year = {2005},
	month = {April}}

@inproceedings{rifle:micro04,
        author = {Vachharajani, Neil and Bridges, Matthew J. and Chang,
        	Jonathan and Rangan, Ram and Ottoni, Guilherme and Blome,
	Jason A. and Reis, George A. and Vachharajani, Manish and
	August, David I.},
        title = {{{RIFLE}: An Architectural Framework for User-Centric
                        Information-Flow Security}},
        booktitle = {Proc. of the $37^{th}$ MICRO},
        year = {2004},
        pages = {243--254}}

@inproceedings{hardeningwebapps:ifip05,
    author = {Anh Nguyen-Tuong and Salvatore Guarnieri and Doug Greene and Jeff
    	Shirley and David Evans},
    title = {Automatically Hardening Web Applications Using Precise Tainting},
    booktitle = {Proc. of the $20^{th}$ IFIP},
    year = {2005},
    pages = {372--382}}

@inproceedings{positivetaint:fse06,
    author = {William G. J. Halfond and Ro Orso and Panagiotis Manolios},
    title = {Using positive tainting and syntax-aware evaluation to counter
        {SQL} injection attacks},
    booktitle = {Proc. of the $14^{th}$ FSE},
    year = {2006},
    pages = {175--185}}

@inproceedings{interface_identification:ndss10,
        author = {Juan Caballero and Noah M. Johnson and Stephen McCamant and
                Dawn Song},
        title = {Binary Code Extraction and Interface Identification for
                Security Applications},
        booktitle = {Proc. of the $17^{th}$ NDSS},
        year = {2010},
        month = {February}}

@inproceedings{allyouwanted_DTA:snp10,
  author    = {Edward J. Schwartz and
               Thanassis Avgerinos and
               David Brumley},
  title     = {{All You Ever Wanted to Know about Dynamic Taint Analysis
               and Forward Symbolic Execution (but Might Have Been Afraid
               to Ask)}},
  booktitle = {Proc. of the $31^{th}$ IEEE S\&P},
  year      = {2010},
  pages     = {317--331}}

@inproceedings{flexitaint:hpca08,
	author = {Guru Venkataramani and Ioannis Doudalis and Yan Solihin
		and Milos Prvulovic},
	title = {{Flexitaint: A Programmable Accelerator for Dynamic Taint
		Propagation}},
	booktitle = {Proc. of the $14^{th}$ HPCA},
	year = {2008},
	pages = {173--184}}

@inproceedings{tainttrace:cc06,
	author = {Winnie Cheng and Qin Zhao and Bei Yu and Scott Hiroshige},
	title = {{TaintTrace}: Efficient Flow Tracing with Dynamic Binary
		Rewriting},
	booktitle ={Proc. of the IEEE ISCC},
	year = {2006},
	pages = {749-754}}

@inproceedings{64bit_memshadowing:ismm10,
	 author = {Zhao, Qin and Bruening, Derek and Amarasinghe, Saman},
	 title = {Efficient memory shadowing for 64-bit architectures},
	 booktitle = {Proc. of the 2010 ISMM},
	 year = {2010},
	 pages = {93--102}}

@inproceedings{autoconf_dift:osdi10,
	author		= {Mona Attariyan and Jason Flinn},
	title		= {Automating configuration troubleshooting with dynamic
			information flow analysis},
	booktitle       = {Proc. of the $9^{th}$ OSDI},
	year            = {2010},
        pages           = {237--250}}

@inproceedings{taintdroid:osdi10,
        author          = {William Enck and Peter Gilbert and Byung-Gon Chun
			and Landon P. Cox and Jaeyeon Jung and Patrick McDaniel
			and Anmol N. Sheth},
        title           = {{{TaintDroid}: An Information-Flow Tracking System
			for Realtime Privacy Monitoring on Smartphones}},
        booktitle       = {Proc. of the $9^{th}$ OSDI},
        year            = {2010},
        pages           = {393--407}}

@inproceedings{vx32:usenix08,
        author = {Ford, Bryan and Cox, Russ},
        title = {{Vx32}: lightweight user-level sandboxing on the x86},
        booktitle = {Proc. of the USENIX ATC},
        year = {2008},
        pages = {293--306}}

@inproceedings{speck:asplos08,
        author = {Nightingale, Edmund B. and Peek, Daniel and Chen, Peter M. 
			and Flinn, Jason},
        title = {{Parallelizing Security Checks on Commodity Hardware}},
        booktitle = {Proc. of the $13^{th}$ ASPLOS},
        year = {2008},
        pages = {308--318}}

@misc{ida,
 author = {Hex-Rays},
 title = {{{IDA}: Interactive DisAssembler}},
 howpublished = {\url{http://www.hex-rays.com}},
}

@inproceedings{gift:acsac06,
 author = {Lam, Lap Chung and Chiueh, {Tzi-cker}},
 title = {{A General Dynamic Information Flow Tracking Framework for Security 
 	Applications}},
 booktitle = {Proc. of the $22^{nd}$ ACSAC},
 year = {2006},
 pages = {463--472}} 

@inproceedings{parallel_dift:spaa08,
 author = {Ruwase, Olatunji and Gibbons, Phillip B. and Mowry, Todd C.
    and Ramachandran, Vijaya and Chen, Shimin and Kozuch, Michael and
    Ryan, Michael},
 title = {{Parallelizing Dynamic Information Flow Tracking}},
 booktitle = {Proc. of the $20^{th}$ SPAA},
 year = {2008},
 pages = {35--45},
}

@Inproceedings{dta++:ndss11,
  author = {Min Gyung Kang and Stephen McCamant and Pongsin Poosankam and Dawn 
    Song},
  title = {{{DTA}++: Dynamic Taint Analysis with Targeted Control-Flow 
    Propagation}},
  booktitle = {Proc. of the $18^{th}$ NDSS},
  year = {2011},
}

@inproceedings{paranoidandroid:acsac10,
  author = {Georgios Portokalidis and Philip Homburg and Kostas Anagnostakis
      and Herbert Bos},
  title = {{{Paranoid Android}: Versatile Protection For Smartphones}},
  booktitle = {Proc. of the $26^{th}$ ACSAC},
  pages = {347--356},
  year = {2010}}

@inproceedings{decouple:usenix08,
 author = {Chow, Jim and Garfinkel, Tal and Chen, Peter M.},
 title = {Decoupling dynamic program analysis from execution in virtual 
    environments},
 booktitle = {Proc. of the 2008 USENIX ATC},
 pages = {1--14}
 }
 
 @inproceedings{llvm:cgo04,
	 author = {Lattner, Chris and Adve, Vikram},
	 title = {{LLVM}: A Compilation Framework for Lifelong Program Analysis \& 
	 	Transformation},
	 booktitle = {Proc. of CGO},
	 year = {2004}
}

@misc{libdfturl,
	author = {Vasileios P. Kemerlis},
	title = {{libdft}: Practical Dynamic Data Flow Tracking
		for Commodity Systems},
	howpublished = {\url{http://www.cs.columbia.edu/~vpk/research/libdft/}},
	year = {2010}}
	
@techreport{libdft:cucs2011,
       author          = {Kemerlis, Vasileios P. and Portokalidis, Georgios
                       and Jee, Kangkook and Keromytis, Angelos D.},
       title           = {{{libdft}: Practical Dynamic Data Flow
Tracking for
                       Commodity Systems}},
       institution     = {Department of Computer Science, Columbia
                       University},
       year            = {2011},
       url             =
{\url{http://mice.cs.columbia.edu/getTechreport.php?techreportID=1494}},
       number          = {CUCS-044-11}}
           
@inproceedings{xss_dta:ndss07,
    author = {Florian Nentwich and Nenad Jovanovic and Engin Kirda and 
    		Christopher Kruegel and Giovanni Vigna},
    title = {Cross-Site Scripting Prevention with Dynamic Data Tainting and 
    		Static Analysis},
    booktitle = {Proc. of the $14^{th}$ NDSS},
    year = {2007}
}

@inproceedings{decouple:pldi2010,
    author = {O Ruwase and S Chen and P.B Gibbons and T.C Mowry}, 
    title = {{Decoupled Lifeguards: Enabling Path Optimizations for Dynamic 
    Correctness Checking Tools}},
    booktitle = {Proc. of the 2010 PLDI},
    pages = {25--35}}

@inproceedings{lba:isca2008,
    author = {S Chen and M Kozuch and T Strigkos and B Falsafi and P.B Gibbons 
    and T.C Mowry and V Ramachandran and O Ruwase and M Ryan and E Vlachos}, 
    booktitle = {Proc. of the $35^{th}$ ICSA},
    title = {{Flexible Hardware Acceleration for Instruction-Grain Program 
    Monitoring}},
    year = {2008},
    pages = {377--388}}


