%% Created using Papers on Tue, 26 Mar 2013.
%% http://mekentosj.com/papers/

@inproceedings{cab:oopsala2009,
 author = {Ha, Jungwoo and Arnold, Matthew and Blackburn, Stephen M. and McKinley, Kathryn S.},
 title = {A concurrent dynamic analysis framework for multicore hardware},
 booktitle = {Proc. of  OOPSLA},
 year = {2009},
 keywords = {dynamic analysis, instrumentation, multicore, profiling},
}

@inproceedings{panorama:ccs2007,
 author = {Yin, Heng and Song, Dawn and Egele, Manuel and Kruegel, Christopher
and Kirda, Engin},
 title = {Panorama: capturing system-wide information flow for malware detection
and analysis},
 booktitle = {Proc. of CCS},
 year = {2007},
 keywords = {dynamic taint analysis, malware analysis, malware detection, spyware},
}

@inproceedings{tfa:2012ndss,
	author		= {Jee, Kangkook and Portokalidis, Georgios and
			Kemerlis, Vasileios P and Ghosh, Soumyadeep and August, 
			David I and Keromytis, Angelos D},
	title		= {A General Approach for Efficiently Accelerating
			Software-based Dynamic Data Flow Tracking on Commodity
			Hardware},
	booktitle	= {Proc. of NDSS},
	year		= {2012}
}

@inproceedings{decouple:pldi2010,
  author    = {Olatunji Ruwase and
               Shimin Chen and
               Phillip B. Gibbons and
               Todd C. Mowry},
  title     = {Decoupled lifeguards: enabling path optimizations for dynamic
               correctness checking tools},
  booktitle = {Proc. of PLDI},
  year      = {2010},
  ee        = {http://doi.acm.org/10.1145/1806596.1806600},
  crossref  = {DBLP:conf/pldi/2010},
}


@inproceedings{aftersight:atc2008,
author = {Chow, J and Garfinkel, T and Chen, PM},
title = {{Decoupling dynamic program analysis from execution in virtual environments}},
booktitle = {Proc. of USENIX ATC},
year = {2008},
}


@inproceedings{probes:icppw2009,
author={Strube, A. and Rexachs, D. and Luque, E.},
booktitle={ Proc. of Parallel Processing Workshops, ICPPW}, 
title={Software Probes: A Method for Quickly Characterizing
Applications' Performance on Heterogeneous Environments},
year={2009},
}

@inproceedings{paranoidandroid:acsac10,
    author      =   {Georgios Portokalidis and Philip Homburg and
                    Kostas Anagnostakis and Herbert Bos},
    title       =   {{Paranoid Android: Versatile} Protection For Smartphones},
    booktitle   =   {Proc. of ACSAC},
    year        =   {2010},
    OPTpages       =   {347--356}, 
    location    =   {Austin, TX, USA},
}


@inproceedings{tainteraser:osr2011,
    author      = {David Zhu and Jaeyeon Jung and Dawn Song and
            Tadayoshi Kohno and David Wetherall},
    title       = {{TaintEraser}: Protecting Sensitive Data Leaks Using
            Application-Level Taint Tracking},
    booktitle     = {SIGOPS Oper. Syst. Rev.},
    year        = {2011},
}

@inproceedings{xray:osdi2012,
 author = {Attariyan, Mona and Chow, Michael and Flinn, Jason},
 title = {X-ray: automating root-cause diagnosis of performance anomalies in production software},
 booktitle = {Proc. of OSDI},
 year = {2012},
} 

@inproceedings{taintcheck:ndss2005,
author = {Newsome, J and Song, D},
title = {{Dynamic taint analysis for automatic detection, analysis, and signature generation of exploits on commodity software}},
year = {2005},
booktitle = {Proc. of NDSS}
}

@article{Zhao:2010wq,
author = {Zhao, Q and Bruening, D and Amarasinghe, S},
title = {{Efficient memory shadowing for 64-bit architectures}},
journal = {Proc. of ISMM},
year = {2010},
}

@incollection{Chabbi:2007,
author = {Chabbi, MMM},
title = {{Efficient taint analysis using multicore machines}},
year = {2007}
}

@article{feedback:1999,
author = {Festa, Paola and Pardalos, Panos M and Resende, Mauricio GC},
title = {Feedback set problems},
journal = {{Handbook of Combinatorial Optimization}},
year = {1999},
volume = {4},
pages = {209--258}
}

@inproceedings{s2e:aplos2011,
 author = {Chipounov, Vitaly and Kuznetsov, Volodymyr and Candea, George},
 title = {{S2E}: a platform for in-vivo multi-path analysis of software
systems},
 booktitle = {Proc. of ASPLOS},
 year = {2011},
}

@inproceedings{cfi:ccs2005,
 author = {Abadi, Mart\'{\i}n and Budiu, Mihai and Erlingsson, \'{U}lfar and Ligatti, Jay},
 title = {Control-flow integrity},
 booktitle = {Proc. of CCS},
 year = {2005},
 keywords = {binary rewriting, control-flow graph, inlined reference monitors, vulnerabilities},
}

@inproceedings{cachesim:mobs2008,
 author = {Aamer Jaleel and Robert S. Cohn and Chi-Keung Luk and Bruce Jacob},
 title = {CMP\$im: A Pin-based on-the-fly multi-core cache simulator},
 booktitle = {Proc. of MoBS},
 year = {2008},
}

@article{Nethercote:2007um,
author = {Nethercote, N and Seward, J},
title = {{How to shadow every byte of memory used by a program}},
journal = {Proc. of VEE},
year = {2007},
}

@inproceedings{libdft:2012vee,
author = {Kemerlis, Vasileios P and Portokalidis, Georgios and Jee, Kangkook and Keromytis, Angelos D},
title = {{libdft: practical dynamic data flow tracking for commodity systems}},
booktitle = {Proc. of VEE},
year = {2012},
}

@inproceedings{speck:asplos2008,
author = {Nightingale, Edmund B and Peek, Daniel and Chen, Peter M and Flinn, Jason},
title = {{Parallelizing security checks on commodity hardware}},
booktitle = {Proc. of ASPLOS},
year = {2008},
}

@inproceedings{pin:pldi2005,
author = {Luk, CK and Cohn, R and Muth, R and Patil, H and Klauser, A and Lowney, G and Wallace, S and Reddi, VJ and Hazelwood, K},
title = {{Pin: building customized program analysis tools with dynamic instrumentation}},
booktitle = {Proc. of PLDI},
year = {2005},
}


@inproceedings{pipa:cgo2008,
author = {Zhao, Q and Cutcutache, I and Wong, WF},
title = {{PiPA: pipelined profiling and analysis on multi-core systems}},
booktitle = {Proc. of CGO},
year = {2008},

}

@inproceedings{drmemory:cgo2011,
 author = {Bruening, Derek and Zhao, Qin},
 title = {Practical memory checking with Dr. Memory},
 booktitle = {Proc. of CGO},
 year = {2011},
} 

@inproceedings{dynamorio:vee2012,
 author = {Bruening, Derek and Zhao, Qin and Amarasinghe, Saman},
 title = {Transparent dynamic instrumentation},
 booktitle = {Proc. of VEE},
 year = {2012},
}


@article{lamport:toplas1983,
author = {Lamport, Leslie},
title = {{Specifying Concurrent Program Modules}},
journal = {ACM Transactions on Programming Languages and Systems (TOPLAS)},
year = {1983},
}

@inproceedings{superpin:cgo2007,
author = {Wallace, S and Hazelwood, K},
title = {{Superpin: Parallelizing dynamic instrumentation for real-time performance}},
booktitle = {Proc. of CGO},
year = {2007},
}

@InProceedings{howard:ndss2011,
  author =   {Asia Slowinska and Traian Stancescu and Herbert Bos},
  title =    {Howard: a dynamic excavator for reverse engineering data
structures},
  year =     2011,
  booktitle =    {Proc. of NDSS},
}

@inproceedings{xentaint:eurosys06,
        author          = {Alex Ho and Michael Fetterman and Christopher Clark
                        and Andrew Warfield and Steven Hand},
        title           = {{Practical Taint-based Protection using Demand
                        Emulation}},
        booktitle       = {Proc. EuroSys},
        year            = {2006}}

@inproceedings{autoconf_dift:osdi10,
    author      = {Mona Attariyan and Jason Flinn},
    title       = {Automating configuration troubleshooting with dynamic
            information flow analysis},
    booktitle       = {Proc. of OSDI},
    year            = {2010},
}

@inproceedings{tomography:asplos08,
     author = {Mysore, Shashidhar and Mazloom, Bita and Agrawal, Banit and
        Sherwood, Timothy},
     title = {Understanding and Visualizing Full Systems with Data Flow
        Tomography},
     booktitle = {Proc. of  ASPLOS},
     year = {2008},
}

@inproceedings{taintbochs:usenixsec04,
        author = {Chow, Jim and Pfaff, Ben and Garfinkel, Tal and
                        Christopher, Kevin and Rosenblum, Mendel},
        title = {Understanding Data Lifetime via Whole System
                        Simulation},
        booktitle = {Proc. of  USENIX Security},
        year = {2004},
}

@inproceedings{taintdroid:osdi10,
        author          = {William Enck and Peter Gilbert and Byung-Gon Chun
            and Landon P. Cox and Jaeyeon Jung and Patrick McDaniel
            and Anmol N. Sheth},
        title           = {{TaintDroid}: An Information-Flow Tracking System
            for Realtime Privacy Monitoring on Smartphones},
        booktitle       = {Proc. of OSDI},
        year            = {2010},
}

@inproceedings{argos:eurosys06,
        author          = {Georgios Portokalidis and Asia Slowinska and
                        Herbert Bos},
        title           = {{{Argos}: an Emulator for Fingerprinting Zero-Day
                        Attacks}},
        booktitle       = {Proc. of EuroSys},
        year = {2006}
        }
        
@inproceedings{sfi:sosp1993,
 author = {Wahbe, Robert and Lucco, Steven and Anderson, Thomas E. and Graham, Susan L.},
 title = {Efficient software-based fault isolation},
 booktitle = {Proc. of SOSP},
 year = {1993},
} 

@misc{ida,
author = {{Hex-Rays}},
title = {{The IDA Pro Disassembler and Debugger}},
note = {\url{http://www.hex-rays.com/products/ida/}},
year={cited Aug. 2013}
}

@inproceedings{Zhao:2010uq,
author = {Zhao, Q and Bruening, D and Amarasinghe, S},
title = {{Umbra: efficient and scalable memory shadowing}},
booktitle = {Proc. of CGO},
year = {2010},
}

@inproceedings{Seward:2005:UVD:1247360.1247362,
author = {Seward, Julian and Nethercote, Nicholas},
title = {{Using Valgrind to detect undefined value errors with bit-precision}},
booktitle = {Proc. of USENIX ATC},
year = {2005},
}

@inproceedings{valgrind:pldi2007,
 author = {Nethercote, Nicholas and Seward, Julian},
 title = {Valgrind: a framework for heavyweight dynamic binary instrumentation},
 booktitle = {Proc. of PLDI},
 year = {2007}
} 

@inproceedings{Burtscher:2004df,
 author = {Burtscher, Martin},
 title = {{VPC3}: a fast and effective trace-compression algorithm},
 booktitle = {Proc. of SIGMETRICS},
 year = {2004},
} 

@inproceedings{Attariyan:2012:XAR:2387880.2387910,
 author = {Attariyan, Mona and Chow, Michael and Flinn, Jason},
 title = {X-ray: automating root-cause diagnosis of performance anomalies in production software},
 booktitle = {Proc. of OSDI},
 year = {2012},
} 

@inproceedings{lift:2006micro,
author = {Qin, Feng and Wang, Cheng and Li, Zhenmin and Kim, Ho-seop and Zhou, Yuanyuan and Wu, Youfeng},
title = {{LIFT}: A Low-Overhead Practical Information Flow Tracking System for Detecting Security Attacks},
booktitle = {Proc. of MICRO},
year = {2006},
}

@misc{web:computed_goto,
  title = {{Labels as Values}},
  author = {{GNU GCC}},
  note = {\url{http://gcc.gnu.org/onlinedocs/gcc-4.8.0/gcc/Labels-as-Values.html}}
}

@misc{web:gcc_bug,
  title = {Bug 56113},
  author = {Kangkook Jee},
  howpublished= {{GCC Bugzilla}},
  note = {\url{http://gcc.gnu.org/bugzilla/show\_bug.cgi?id=56113}},
  year={cited Aug. 2013}
}

misc{web:gcc_bug,
  author = {Anonymous},
  title = {Anonymized for submission}
}

@book{clrs,
  author = "T.~H. Cormen and C.~E. Leiserson and R.~L. Rivest and C.~Stein",
  edition = "3rd",
  publisher = "The MIT Press",
  title = "Introduction to Algorithms",
  year = "2009",
  isbn = "978-0-262-03384-8"
}

@book{dragon:2006,
 author = {Aho, Alfred V. and Lam, Monica S. and Sethi, Ravi and Ullman, Jeffrey D.},
 title = {Compilers: Principles, Techniques, and Tools (2nd Edition)},
 year = {2006},
 isbn = {0321486811},
 publisher = {Addison-Wesley Longman Publishing Co., Inc.},
} 

@inproceedings{cruiser:pldi2011,
author = {Zeng, Qiang and Wu, Dinghao and Liu, Peng},
title = {{Cruiser: concurrent heap buffer overflow monitoring using lock-free data structures}},
booktitle = {Proc. of PLDI},
year = {2011},
pages = {1--11},
publisher = { ACM  Request Permissions},
}

@inproceedings{kruiser:ndss2012,
author = {Tian, Donghai and Zeng, Qiang and Wu, Dinghao and Liu, Peng and Hu, Changzhen},
title = {Kruiser: Semi-synchronized Non-blocking Concurrent Kernel Heap Buffer Overflow Monitoring},
booktitle = {Proc. of NDSS},
year = {2012}
}

@inproceedings{reemu:ppopp2013,
 author = {Chen, Yufei and Chen, Haibo},
 title = {Scalable deterministic replay in a parallel full-system emulator},
 booktitle = {Proc. of PPoPP},
 year = {2013},
 isbn = {978-1-4503-1922-5},
 location = {Shenzhen, China},
 numpages = {12},
 url = {http://doi.acm.org/10.1145/2442516.2442537},
 doi = {10.1145/2442516.2442537},
 acmid = {2442537},
 keywords = {full-system emulator, scalable deterministic replay},
}

@inproceedings{dta++:ndss11,
        author          = {Min Gyung Kang and Stephen McCamant and Pongsin
                        	Poosankam and Dawn Song},
        title           = {{{DTA}++: Dynamic Taint Analysis with Targeted
                        	Control-Flow Propagation}},
        booktitle       = {Proc. of NDSS},
        year            = {2011}}

@inproceedings{minemu:raid11,
	author		= {Erik Bosman and Asia Slowinska and Herbert Bos},
	title		= {{{Minemu}: The World's Fastest Taint Tracker}},
	booktitle 	= {Proc. of the 14$^{th}$ RAID},
	year 		= {2011},
	pages		= {1--20}}

@inproceedings{libdetox:vee11,
        author          = {Mathias Payer and Thomas R. Gross},
	title           = {{Fine-Grained User-Space Security Through
				Virtualization}},
        booktitle       = {Proc. of VEE},
        year            = {2011},
        pages           = {157--168}}

@inproceedings{lmem:atc13,
        author          = {Mathias Payer and Enrico Kravina and Thomas R.
				Gross},
	title           = {{Lightweight Memory Tracing}},
        booktitle       = {Proc. of USENIX ATC},
        year            = {2013},
        pages           = {}}
        
@inproceedings{vigilante:sosp05,
        author          = {M. Costa and J. Crowcroft and M. Castro
                        and A. Rowstron and L. Zhou and L. Zhang and P. Barham},
        title           = {{Vigilante}: End-to-End Containment of Internet
            Worms},
        booktitle       = {Proc. of SOSP},
        year            = {2005}}

@inproceedings{true:sp2012,
	author		= {Payer, M. and Hartmann, T. and Gross, T.R.},
	title		= {{Safe Loading - A Foundation for Secure Execution of
				Untrusted Programs}},
        booktitle       = {Proc. of IEEE S\&P},
	year		= {2012},
	pages		= {18--32}}

@inproceedings{dytan:issta07,
	author		= {Clause, James and Li, Wanchun and Orso, Alessandro},
	title		= {{Dytan}: A Generic Dynamic Taint Analysis
			Framework},
	booktitle	= {Proc. of ISSTA},
    year        = {2007}}

@inproceedings{beep:ndss2013,
author = {Lee, Kyu Hyung and Zhang, Xiangyu and Xu, Dongyan},
title = {High Accuracy Attack Provenance via Binary-based Execution Partition},
booktitle = {Proc. of NDSS},
year = {2013},
}

